%YAML 1.1
%TAG !u! tag:unity3d.com,2011:
--- !u!244 &-9164158181740997102
AudioMixerEffectController:
  m_ObjectHideFlags: 3
  m_CorrespondingSourceObject: {fileID: 0}
  m_PrefabInstance: {fileID: 0}
  m_PrefabAsset: {fileID: 0}
  m_Name: 
  m_EffectID: f2cddd7ba8bb50147a13d958bee5e401
  m_EffectName: Attenuation
  m_MixLevel: 6924459d37fe64f448f8ac44c398c370
  m_Parameters: []
  m_SendTarget: {fileID: 0}
  m_EnableWetMix: 0
  m_Bypass: 0
--- !u!244 &-7874885976603894325
AudioMixerEffectController:
  m_ObjectHideFlags: 3
  m_CorrespondingSourceObject: {fileID: 0}
  m_PrefabInstance: {fileID: 0}
  m_PrefabAsset: {fileID: 0}
  m_Name: 
  m_EffectID: 46f29c06edba88f4089c7bbeb3be6167
  m_EffectName: Attenuation
  m_MixLevel: 78cfc08fca8106743994e12969728f2f
  m_Parameters: []
  m_SendTarget: {fileID: 0}
  m_EnableWetMix: 0
  m_Bypass: 0
--- !u!241 &24100000
AudioMixerController:
  m_ObjectHideFlags: 0
  m_CorrespondingSourceObject: {fileID: 0}
  m_PrefabInstance: {fileID: 0}
  m_PrefabAsset: {fileID: 0}
  m_Name: Master
  m_OutputGroup: {fileID: 0}
  m_MasterGroup: {fileID: 24300002}
  m_Snapshots:
  - {fileID: 24500006}
  m_StartSnapshot: {fileID: 24500006}
  m_SuspendThreshold: -40
  m_EnableSuspend: 1
  m_UpdateMode: 0
  m_ExposedParameters:
  - guid: ba395a71dc74fbe439b884d86f6d0aa7
    name: Music_Volume
  - guid: 0fc982c4035e22c41ad39299ea7770ee
    name: SFX_Volume
  m_AudioMixerGroupViews:
  - guids:
    - 949a297babdf2d541abc79a4605a010b
    - 0854de3165887034099bc139cf16852c
    - 041e6344bf4393f4293cb9fb8e432114
    name: View
  m_CurrentViewIndex: 0
  m_TargetSnapshot: {fileID: 24500006}
--- !u!243 &24300002
AudioMixerGroupController:
  m_ObjectHideFlags: 0
  m_CorrespondingSourceObject: {fileID: 0}
  m_PrefabInstance: {fileID: 0}
  m_PrefabAsset: {fileID: 0}
  m_Name: Master
  m_AudioMixer: {fileID: 24100000}
  m_GroupID: 949a297babdf2d541abc79a4605a010b
  m_Children:
  - {fileID: 1427491867232468140}
  - {fileID: 2089516075655002228}
  m_Volume: 8b23cf6ae3e62eb41ace8f7270dffac6
  m_Pitch: 6ccca95170688e94ca07a90fa894ab80
  m_Send: 00000000000000000000000000000000
  m_Effects:
  - {fileID: 24400004}
  m_UserColorIndex: 0
  m_Mute: 0
  m_Solo: 0
  m_BypassEffects: 0
--- !u!244 &24400004
AudioMixerEffectController:
  m_ObjectHideFlags: 3
  m_CorrespondingSourceObject: {fileID: 0}
  m_PrefabInstance: {fileID: 0}
  m_PrefabAsset: {fileID: 0}
  m_Name: 
  m_EffectID: 2fda22cbe53a4ce4c97a82737032e9af
  m_EffectName: Attenuation
  m_MixLevel: 8f8cfec8dd3524345ae3ca04ca387ec2
  m_Parameters: []
  m_SendTarget: {fileID: 0}
  m_EnableWetMix: 0
  m_Bypass: 0
--- !u!245 &24500006
AudioMixerSnapshotController:
  m_ObjectHideFlags: 0
  m_CorrespondingSourceObject: {fileID: 0}
  m_PrefabInstance: {fileID: 0}
  m_PrefabAsset: {fileID: 0}
  m_Name: Snapshot
  m_AudioMixer: {fileID: 24100000}
  m_SnapshotID: cbf5cc51db86a9f40a6e0f7fd802e702
  m_FloatValues:
    ba395a71dc74fbe439b884d86f6d0aa7: -19.999998
    0fc982c4035e22c41ad39299ea7770ee: -10
  m_TransitionOverrides: {}
--- !u!244 &1015398455977689129
AudioMixerEffectController:
  m_ObjectHideFlags: 3
  m_CorrespondingSourceObject: {fileID: 0}
  m_PrefabInstance: {fileID: 0}
  m_PrefabAsset: {fileID: 0}
  m_Name: 
  m_EffectID: 78ad99f9be1198a44b0a8c0f30869889
  m_EffectName: Receive
  m_MixLevel: 7def6eac460366e40960e768c0ce1df4
  m_Parameters: []
  m_SendTarget: {fileID: 0}
  m_EnableWetMix: 0
  m_Bypass: 0
--- !u!243 &1427491867232468140
AudioMixerGroupController:
  m_ObjectHideFlags: 0
  m_CorrespondingSourceObject: {fileID: 0}
  m_PrefabInstance: {fileID: 0}
  m_PrefabAsset: {fileID: 0}
  m_Name: Music
  m_AudioMixer: {fileID: 24100000}
  m_GroupID: 041e6344bf4393f4293cb9fb8e432114
  m_Children: []
  m_Volume: ba395a71dc74fbe439b884d86f6d0aa7
  m_Pitch: d59bb7de5a793f942b87ba4ddb6f73be
  m_Send: 00000000000000000000000000000000
  m_Effects:
  - {fileID: -7874885976603894325}
  m_UserColorIndex: 0
  m_Mute: 0
  m_Solo: 0
  m_BypassEffects: 0
--- !u!243 &2089516075655002228
AudioMixerGroupController:
  m_ObjectHideFlags: 0
  m_CorrespondingSourceObject: {fileID: 0}
  m_PrefabInstance: {fileID: 0}
  m_PrefabAsset: {fileID: 0}
  m_Name: SFX
  m_AudioMixer: {fileID: 24100000}
  m_GroupID: 0854de3165887034099bc139cf16852c
  m_Children: []
  m_Volume: 0fc982c4035e22c41ad39299ea7770ee
  m_Pitch: cb2e90036cf10754d935bca52ebc08d0
  m_Send: 00000000000000000000000000000000
  m_Effects:
  - {fileID: -9164158181740997102}
  m_UserColorIndex: 0
  m_Mute: 0
  m_Solo: 0
  m_BypassEffects: 0
