%YAML 1.1
%TAG !u! tag:unity3d.com,2011:
--- !u!1 &390209580471546060
GameObject:
  m_ObjectHideFlags: 0
  m_CorrespondingSourceObject: {fileID: 0}
  m_PrefabInstance: {fileID: 0}
  m_PrefabAsset: {fileID: 0}
  serializedVersion: 6
  m_Component:
  - component: {fileID: 1341077036163541895}
  m_Layer: 0
  m_Name: MOBA_Group
  m_TagString: Untagged
  m_Icon: {fileID: 0}
  m_NavMeshLayer: 0
  m_StaticEditorFlags: 0
  m_IsActive: 1
--- !u!4 &1341077036163541895
Transform:
  m_ObjectHideFlags: 0
  m_CorrespondingSourceObject: {fileID: 0}
  m_PrefabInstance: {fileID: 0}
  m_PrefabAsset: {fileID: 0}
  m_GameObject: {fileID: 390209580471546060}
  m_LocalRotation: {x: 0, y: 0, z: 0, w: 1}
  m_LocalPosition: {x: 0, y: 0, z: 0}
  m_LocalScale: {x: 1, y: 1, z: 1}
  m_Children:
  - {fileID: 7902119338492853337}
  - {fileID: 9077418695384361050}
  - {fileID: 3309875683058155476}
  m_Father: {fileID: 0}
  m_RootOrder: 0
  m_LocalEulerAnglesHint: {x: 0, y: 0, z: 0}
--- !u!1001 &3309875683058299650
PrefabInstance:
  m_ObjectHideFlags: 0
  serializedVersion: 2
  m_Modification:
    m_TransformParent: {fileID: 1341077036163541895}
    m_Modifications:
    - target: {fileID: 137922, guid: 0d71eaacb7dc9214a840923aeede17a1, type: 3}
      propertyPath: m_Name
      value: Character_Gangster_01
      objectReference: {fileID: 0}
    - target: {fileID: 445654, guid: 0d71eaacb7dc9214a840923aeede17a1, type: 3}
      propertyPath: m_LocalPosition.x
      value: 0.8234018
      objectReference: {fileID: 0}
    - target: {fileID: 445654, guid: 0d71eaacb7dc9214a840923aeede17a1, type: 3}
      propertyPath: m_LocalPosition.y
      value: 0.10000014
      objectReference: {fileID: 0}
    - target: {fileID: 445654, guid: 0d71eaacb7dc9214a840923aeede17a1, type: 3}
      propertyPath: m_LocalPosition.z
      value: -0.20827046
      objectReference: {fileID: 0}
    - target: {fileID: 445654, guid: 0d71eaacb7dc9214a840923aeede17a1, type: 3}
      propertyPath: m_LocalRotation.x
      value: -0
      objectReference: {fileID: 0}
    - target: {fileID: 445654, guid: 0d71eaacb7dc9214a840923aeede17a1, type: 3}
      propertyPath: m_LocalRotation.y
      value: -0.29516843
      objectReference: {fileID: 0}
    - target: {fileID: 445654, guid: 0d71eaacb7dc9214a840923aeede17a1, type: 3}
      propertyPath: m_LocalRotation.z
      value: -0
      objectReference: {fileID: 0}
    - target: {fileID: 445654, guid: 0d71eaacb7dc9214a840923aeede17a1, type: 3}
      propertyPath: m_LocalRotation.w
      value: 0.9554453
      objectReference: {fileID: 0}
    - target: {fileID: 445654, guid: 0d71eaacb7dc9214a840923aeede17a1, type: 3}
      propertyPath: m_RootOrder
      value: 2
      objectReference: {fileID: 0}
    - target: {fileID: 445654, guid: 0d71eaacb7dc9214a840923aeede17a1, type: 3}
      propertyPath: m_LocalEulerAnglesHint.x
      value: 0
      objectReference: {fileID: 0}
    - target: {fileID: 445654, guid: 0d71eaacb7dc9214a840923aeede17a1, type: 3}
      propertyPath: m_LocalEulerAnglesHint.y
      value: -34.335
      objectReference: {fileID: 0}
    - target: {fileID: 445654, guid: 0d71eaacb7dc9214a840923aeede17a1, type: 3}
      propertyPath: m_LocalEulerAnglesHint.z
      value: 0
      objectReference: {fileID: 0}
    m_RemovedComponents: []
  m_SourcePrefab: {fileID: 100100000, guid: 0d71eaacb7dc9214a840923aeede17a1, type: 3}
--- !u!4 &3309875683058155476 stripped
Transform:
  m_CorrespondingSourceObject: {fileID: 445654, guid: 0d71eaacb7dc9214a840923aeede17a1, type: 3}
  m_PrefabInstance: {fileID: 3309875683058299650}
  m_PrefabAsset: {fileID: 0}
--- !u!1001 &7902119338492699107
PrefabInstance:
  m_ObjectHideFlags: 0
  serializedVersion: 2
  m_Modification:
    m_TransformParent: {fileID: 1341077036163541895}
    m_Modifications:
    - target: {fileID: 191984, guid: ae8b16115c4dca4499645ab171e10144, type: 3}
      propertyPath: m_Name
      value: Character_GamerGirl_01
      objectReference: {fileID: 0}
    - target: {fileID: 417210, guid: ae8b16115c4dca4499645ab171e10144, type: 3}
      propertyPath: m_LocalPosition.x
      value: 0.14644265
      objectReference: {fileID: 0}
    - target: {fileID: 417210, guid: ae8b16115c4dca4499645ab171e10144, type: 3}
      propertyPath: m_LocalPosition.y
      value: 0.099999666
      objectReference: {fileID: 0}
    - target: {fileID: 417210, guid: ae8b16115c4dca4499645ab171e10144, type: 3}
      propertyPath: m_LocalPosition.z
      value: -0.80556715
      objectReference: {fileID: 0}
    - target: {fileID: 417210, guid: ae8b16115c4dca4499645ab171e10144, type: 3}
      propertyPath: m_LocalRotation.x
      value: -0
      objectReference: {fileID: 0}
    - target: {fileID: 417210, guid: ae8b16115c4dca4499645ab171e10144, type: 3}
      propertyPath: m_LocalRotation.y
      value: -0
      objectReference: {fileID: 0}
    - target: {fileID: 417210, guid: ae8b16115c4dca4499645ab171e10144, type: 3}
      propertyPath: m_LocalRotation.z
      value: -0
      objectReference: {fileID: 0}
    - target: {fileID: 417210, guid: ae8b16115c4dca4499645ab171e10144, type: 3}
      propertyPath: m_LocalRotation.w
      value: 1
      objectReference: {fileID: 0}
    - target: {fileID: 417210, guid: ae8b16115c4dca4499645ab171e10144, type: 3}
      propertyPath: m_RootOrder
      value: 0
      objectReference: {fileID: 0}
    - target: {fileID: 417210, guid: ae8b16115c4dca4499645ab171e10144, type: 3}
      propertyPath: m_LocalEulerAnglesHint.x
      value: 0
      objectReference: {fileID: 0}
    - target: {fileID: 417210, guid: ae8b16115c4dca4499645ab171e10144, type: 3}
      propertyPath: m_LocalEulerAnglesHint.y
      value: 0
      objectReference: {fileID: 0}
    - target: {fileID: 417210, guid: ae8b16115c4dca4499645ab171e10144, type: 3}
      propertyPath: m_LocalEulerAnglesHint.z
      value: 0
      objectReference: {fileID: 0}
    m_RemovedComponents: []
  m_SourcePrefab: {fileID: 100100000, guid: ae8b16115c4dca4499645ab171e10144, type: 3}
--- !u!4 &7902119338492853337 stripped
Transform:
  m_CorrespondingSourceObject: {fileID: 417210, guid: ae8b16115c4dca4499645ab171e10144, type: 3}
  m_PrefabInstance: {fileID: 7902119338492699107}
  m_PrefabAsset: {fileID: 0}
--- !u!1001 &9077418695383949466
PrefabInstance:
  m_ObjectHideFlags: 0
  serializedVersion: 2
  m_Modification:
    m_TransformParent: {fileID: 1341077036163541895}
    m_Modifications:
    - target: {fileID: 128870, guid: 526d6de2a1abc594180abbff3f624eed, type: 3}
      propertyPath: m_Name
      value: Character_HipsterGuy_01
      objectReference: {fileID: 0}
    - target: {fileID: 411840, guid: 526d6de2a1abc594180abbff3f624eed, type: 3}
      propertyPath: m_LocalPosition.x
      value: -0.371578
      objectReference: {fileID: 0}
    - target: {fileID: 411840, guid: 526d6de2a1abc594180abbff3f624eed, type: 3}
      propertyPath: m_LocalPosition.y
      value: 0.099999905
      objectReference: {fileID: 0}
    - target: {fileID: 411840, guid: 526d6de2a1abc594180abbff3f624eed, type: 3}
      propertyPath: m_LocalPosition.z
      value: -0.14516622
      objectReference: {fileID: 0}
    - target: {fileID: 411840, guid: 526d6de2a1abc594180abbff3f624eed, type: 3}
      propertyPath: m_LocalRotation.x
      value: -0
      objectReference: {fileID: 0}
    - target: {fileID: 411840, guid: 526d6de2a1abc594180abbff3f624eed, type: 3}
      propertyPath: m_LocalRotation.y
      value: 0.12712115
      objectReference: {fileID: 0}
    - target: {fileID: 411840, guid: 526d6de2a1abc594180abbff3f624eed, type: 3}
      propertyPath: m_LocalRotation.z
      value: -0
      objectReference: {fileID: 0}
    - target: {fileID: 411840, guid: 526d6de2a1abc594180abbff3f624eed, type: 3}
      propertyPath: m_LocalRotation.w
      value: 0.9918872
      objectReference: {fileID: 0}
    - target: {fileID: 411840, guid: 526d6de2a1abc594180abbff3f624eed, type: 3}
      propertyPath: m_RootOrder
      value: 1
      objectReference: {fileID: 0}
    - target: {fileID: 411840, guid: 526d6de2a1abc594180abbff3f624eed, type: 3}
      propertyPath: m_LocalEulerAnglesHint.x
      value: 0
      objectReference: {fileID: 0}
    - target: {fileID: 411840, guid: 526d6de2a1abc594180abbff3f624eed, type: 3}
      propertyPath: m_LocalEulerAnglesHint.y
      value: 14.607
      objectReference: {fileID: 0}
    - target: {fileID: 411840, guid: 526d6de2a1abc594180abbff3f624eed, type: 3}
      propertyPath: m_LocalEulerAnglesHint.z
      value: 0
      objectReference: {fileID: 0}
    m_RemovedComponents: []
  m_SourcePrefab: {fileID: 100100000, guid: 526d6de2a1abc594180abbff3f624eed, type: 3}
--- !u!4 &9077418695384361050 stripped
Transform:
  m_CorrespondingSourceObject: {fileID: 411840, guid: 526d6de2a1abc594180abbff3f624eed, type: 3}
  m_PrefabInstance: {fileID: 9077418695383949466}
  m_PrefabAsset: {fileID: 0}
